@book{Parr:2013:DAR:2501720,
 author = {Parr, Terence},
 title = {The Definitive ANTLR 4 Reference},
 year = {2013},
 isbn = {1934356999, 9781934356999},
 edition = {2nd},
 publisher = {Pragmatic Bookshelf},
}
	
@misc{omni:website,
 author = {Programming{\ }Environment{\ }Research{\ }Team{\ }at{\ }RIKEN{\ }AICS{\ \&\ }HPCS{\ }Lab.{\ }at{\ }University{\ }of{\ }Tsukuba},
 title = {The OMNI Compiler Project},
 year = {1992-2016},
 url = {http://www.omni-compiler.org},
 note = {[Online; accessed 2015-10-15]}
}

@manual{omni:xcodemlf2008,
    organization  = {Programming{\ }Environment{\ }Research{\ }Team{\ }at{\ }RIKEN{\ }AICS{\ \&\ }HPCS{\ }Lab.{\ }at{\ }University{\ }of{\ }Tsukuba},
    title         = {XcodeML/Fortran specification - draft 2008},
    year          =  2015,
    month         =  12,
    note          = "??"
}

@manual{omni:xcodemlf95,
    organization  = {Programming{\ }Environment{\ }Research{\ }Team{\ }at{\ }RIKEN{\ }AICS{\ \&\ }HPCS{\ }Lab.{\ }at{\ }University{\ }of{\ }Tsukuba},
    title         = {XcodeML/Fortran specification},
    year          =  2011,
    month         =  01,    
    day           =  31,        
    note          = "ver. 0.91J, url: http://omni-compiler.org/xcodeml.html"
}